<record><leader>00000cas a22000001a 4500</leader><controlfield tag="001">34179778</controlfield><controlfield tag="007">hd afu---bacu</controlfield><controlfield tag="008">960213d19031910iludn nea     0   a0eng c</controlfield><datafield ind1=" " ind2=" " tag="010"><subfield code="a">  2014271525</subfield></datafield><datafield ind1=" " ind2=" " tag="040"><subfield code="a">IF9</subfield><subfield code="b">eng</subfield><subfield code="c">IF9</subfield><subfield code="d">OCL</subfield><subfield code="d">OCLCQ</subfield><subfield code="d">OCLCO</subfield><subfield code="d">OCLCF</subfield><subfield code="d">NVF</subfield><subfield code="d">OCLCQ</subfield></datafield><datafield ind1=" " ind2=" " tag="037"><subfield code="b">Press Pub. Co., 11 Spring Street, Elgin, Ill.</subfield></datafield><datafield ind1=" " ind2=" " tag="043"><subfield code="a">n-us-il</subfield></datafield><datafield ind1="0" ind2="0" tag="245"><subfield code="a">Elgin evening press.</subfield></datafield><datafield ind1="3" ind2="0" tag="246"><subfield code="a">Evening press</subfield></datafield><datafield ind1="3" ind2="0" tag="246"><subfield code="a">Press</subfield></datafield><datafield ind1="3" ind2="0" tag="246"><subfield code="a">Elgin press</subfield></datafield><datafield ind1=" " ind2=" " tag="260"><subfield code="a">Elgin, Ill. :</subfield><subfield code="b">Press Pub. Co.</subfield></datafield><datafield ind1=" " ind2=" " tag="300"><subfield code="a">8 volumes</subfield></datafield><datafield ind1=" " ind2=" " tag="310"><subfield code="a">Daily (except Sunday)</subfield></datafield><datafield ind1=" " ind2=" " tag="336"><subfield code="a">text</subfield><subfield code="b">txt</subfield><subfield code="2">rdacontent</subfield></datafield><datafield ind1=" " ind2=" " tag="337"><subfield code="a">microform</subfield><subfield code="b">h</subfield><subfield code="2">rdamedia</subfield></datafield><datafield ind1=" " ind2=" " tag="338"><subfield code="a">microfilm reel</subfield><subfield code="b">hd</subfield><subfield code="2">rdacarrier</subfield></datafield><datafield ind1="1" ind2=" " tag="362"><subfield code="a">Began in 1903? Ceased in 1910?</subfield></datafield><datafield ind1=" " ind2=" " tag="580"><subfield code="a">May have absorbed Elgin weekly press in 1903.</subfield></datafield><datafield ind1="0" ind2=" " tag="588"><subfield code="a">Vol. 9, no. 105 (July 1, 1904).</subfield></datafield><datafield ind1=" " ind2=" " tag="533"><subfield code="a">Microfilm.</subfield><subfield code="m">July 1-Dec. 31,</subfield><subfield code="d">1904, Jan. 2-June 30, 1906, July 1-Dec. 31, 1907, July 1-Dec. 31, 1908.</subfield><subfield code="b">Chicago, Ill. :</subfield><subfield code="c">University of Chicago Library Department of Photographic Reproduction.</subfield><subfield code="e">8 microfilm reels ; 35 mm.</subfield></datafield><datafield ind1=" " ind2="0" tag="651"><subfield code="a">Elgin (Ill.)</subfield><subfield code="v">Newspapers.</subfield></datafield><datafield ind1=" " ind2="7" tag="651"><subfield code="a">Illinois</subfield><subfield code="z">Elgin.</subfield><subfield code="2">fast</subfield><subfield code="0">(OCoLC)fst01212719</subfield></datafield><datafield ind1=" " ind2="7" tag="655"><subfield code="a">Newspapers.</subfield><subfield code="2">fast</subfield><subfield code="0">(OCoLC)fst01423814</subfield></datafield><datafield ind1=" " ind2=" " tag="752"><subfield code="a">United States</subfield><subfield code="b">Illinois</subfield><subfield code="c">Kane</subfield><subfield code="d">Elgin.</subfield></datafield><datafield ind1="0" ind2="8" tag="776"><subfield code="i">Print version:</subfield><subfield code="t">Elgin evening press</subfield><subfield code="w">(DLC)sn2004060819</subfield><subfield code="w">(OCoLC)32937805</subfield></datafield><datafield ind1="0" ind2="0" tag="780"><subfield code="t">Elgin evening dial (Elgin, Ill. : 1899)</subfield><subfield code="w">(DLC)  2014271526</subfield><subfield code="w">(OCoLC)34181235</subfield></datafield><datafield ind1="1" ind2="5" tag="780"><subfield code="t">Elgin weekly press</subfield><subfield code="w">(DLC)  2014271524</subfield><subfield code="w">(OCoLC)34181335</subfield></datafield><datafield ind1="0" ind2="4" tag="785"><subfield code="t">Elgin daily courier</subfield><subfield code="w">(DLC)  2014271528</subfield><subfield code="w">(OCoLC)34179284</subfield></datafield></record>